<?xml version="1.0" encoding="UTF-8"?><collection xmlns="http://www.loc.gov/MARC21/slim"><record><leader>00433nam--2200133-i-4500</leader><controlfield tag="001">000049141</controlfield><controlfield tag="002">20161230</controlfield><controlfield tag="005">20161230201047</controlfield><controlfield tag="008">060222s1000------------r-----000-0-eng-d</controlfield><datafield ind1=" " ind2=" " tag="080"><subfield code="a">621.372.54(075)</subfield></datafield><datafield ind1=" " ind2=" " tag="100"><subfield code="a">Radix, Jea-claude</subfield></datafield><datafield ind1=" " ind2=" " tag="245"><subfield code="a">Introduction au filtrage numerique. lissage de donnees. estimation de parametres. identification e processus. exercices et solutions</subfield></datafield><datafield ind1=" " ind2=" " tag="260"><subfield code="a">Paris, Ed.Eyrolles, 1970, 240p</subfield></datafield><datafield ind1=" " ind2=" " tag="852"><subfield code="a">42001</subfield></datafield></record></collection>